@misc{jafari2021survey,
      title={A Survey on Locality Sensitive Hashing Algorithms and their Applications}, 
      author={Omid Jafari and Preeti Maurya and Parth Nagarkar and Khandker Mushfiqul Islam and Chidambaram Crushev},
      year={2021},
      eprint={2102.08942},
      archivePrefix={arXiv},
      primaryClass={cs.DB}
}

@inproceedings{gionis1999similarity,
  title={Similarity search in high dimensions via hashing},
  author={Gionis, Aristides and Indyk, Piotr and Motwani, Rajeev and others},
  booktitle={Vldb},
  volume={99},
  number={6},
  pages={518--529},
  year={1999}
}

@misc{ enwiki:1088468512,
  author = "{Wikipedia contributors}",
  title = "Heap (data structure) --- {Wikipedia}{,} The Free Encyclopedia",
  year = "2022",
  howpublished = "\url{https://en.wikipedia.org/w/index.php?title=Heap_(data_structure)&oldid=1088468512}",
  note = "[Online; accessed 5-June-2022]"
}

@misc{parispic,
  howpublished = "\url{https://www.planetware.com/wpimages/2020/02/france-in-pictures-beautiful-places-to-photograph-eiffel-tower.jpg}",
  note = "[Фотография Эйфелевой башни]"
}

@misc{ enwiki:1086236982,
  author = "{Wikipedia contributors}",
  title = "Server (computing) --- {Wikipedia}{,} The Free Encyclopedia",
  year = "2022",
  howpublished = "\url{https://en.wikipedia.org/w/index.php?title=Server_(computing)&oldid=1086236982}",
  note = "[Online; accessed 5-June-2022]"
}

@misc{ enwiki:1086627524,
    author = "{Wikipedia contributors}",
    title = "Scalability --- {Wikipedia}{,} The Free Encyclopedia",
    year = "2022",
    howpublished = "\url{https://en.wikipedia.org/w/index.php?title=Scalability&oldid=1086627524}",
    note = "[Online; accessed 5-June-2022]"
  }

@misc{ wiki:reference,
    author = "{Wikipedia contributors}",
    title = "Reference --- {Wikipedia}{,} The Free Encyclopedia",
    year = "2022",
    howpublished = "\url{https://en.wikipedia.org/w/index.php?title=Reference&oldid=1083842428}",
    note = "[Online; accessed 4-June-2022]"
  }

@inproceedings{ngu2014servicexplorer,
  title={ServiceXplorer: A similarity-based Web service search engine},
  author={Ngu, Anne HH and Ma, Jiangang and Sheng, Quan Z and Yao, Lina and Julian, Scott},
  booktitle={Proceedings of the 37th international ACM SIGIR conference on Research \& development in information retrieval},
  pages={1251--1252},
  year={2014}
}

@inproceedings{yin2013dynamic,
  title={Dynamic multi-probe lsh: An i/o efficient index structure for approximate nearest neighbor search},
  author={Yin, Shaoyi and Badr, Mehdi and Vodislav, Dan},
  booktitle={International Conference on Database and Expert Systems Applications},
  pages={48--62},
  year={2013},
  organization={Springer}
}

@article{johnson2019billion,
  title={Billion-scale similarity search with gpus},
  author={Johnson, Jeff and Douze, Matthijs and J{\'e}gou, Herv{\'e}},
  journal={IEEE Transactions on Big Data},
  year={2019},
  publisher={IEEE}
}
@inproceedings{guo2020accelerating,
  title={Accelerating large-scale inference with anisotropic vector quantization},
  author={Guo, Ruiqi and Sun, Philip and Lindgren, Erik and Geng, Quan and Simcha, David and Chern, Felix and Kumar, Sanjiv},
  booktitle={International Conference on Machine Learning},
  pages={3887--3896},
  year={2020},
  organization={PMLR}
}

@inproceedings{barkan2016item2vec,
  title={Item2vec: neural item embedding for collaborative filtering},
  author={Barkan, Oren and Koenigstein, Noam},
  booktitle={2016 IEEE 26th International Workshop on Machine Learning for Signal Processing (MLSP)},
  pages={1--6},
  year={2016},
  organization={IEEE}
}

@article{reimers2019sentence,
  title={Sentence-bert: Sentence embeddings using siamese bert-networks},
  author={Reimers, Nils and Gurevych, Iryna},
  journal={arXiv preprint arXiv:1908.10084},
  year={2019}
}

@misc{shazam,
  howpublished = "\url{https://www.shazam.com/ru/home}",
  note = "[Shazam]"
}
@inbook{audiofingerprint,
author = {Cano, Pedro and Batlle, Eloi and Gómez, Emilia and de Campos Teixeira Gomes, Leandro and Bonnet, Madeleine},
year = {2005},
month = {09},
pages = {233-245},
title = {Audio Fingerprinting: Concepts And Applications},
volume = {2},
isbn = {978-3-540-26071-4},
doi = {10.1007/10966518_17}
}
@misc{imageEmbeddings,
  howpublished = "\url{https://github.com/rom1504/image_embeddings}",
  note = "[ImageEmbeddings on github]"
}

@misc{redis,
  howpublished = "\url{https://redis.io}",
  note = "[Redis]"
}

@misc{api,
  howpublished = "\url{https://otaviofff.github.io/restful-grounding}",
  note = "[REST HTTP API]"
}

@misc{annbenchmark,
  howpublished = "\url{http://ann-benchmarks.com/}",
  note = "[ANN benchmarhs, секция <<glove-100-angular, k = 10>>]"
}

@article{jayaram2019diskann,
  title={Diskann: Fast accurate billion-point nearest neighbor search on a single node},
  author={Jayaram Subramanya, Suhas and Devvrit, Fnu and Simhadri, Harsha Vardhan and Krishnawamy, Ravishankar and Kadekodi, Rohan},
  journal={Advances in Neural Information Processing Systems},
  volume={32},
  year={2019}
}

@Manual{Github:annoy,
  author =       {Erik Bernhardsson},
  title =        {Annoy: Approximate Nearest Neighbors in C++/Python},
  year =         2018,
  note = {\url{https://github.com/spotify/annoy}},
}

@Manual{Github:diskann,
  author =       {Jayaram Subramanya, Suhas and Devvrit, Fnu and Simhadri, Harsha Vardhan and Krishnawamy, Ravishankar and Kadekodi, Rohan},
  title =        {DiskANN},
  year =         2019,
  note = {\url{https://github.com/spotify/annoy}},
}

@Manual{Github:scann,
  author =       {Google Research},
  title =        {ScaNN (Scalable Nearest Neighbors)},
  year =         2020,
 note = {\url{https://github.com/google-research/google-research/tree/master/scann}}
}

@Manual{Github:nmslib,
  author =       {Bilegsaikhan Naidan, Leonid Boytsov, Yury Malkov, David Novak},
  title =        {Non-Metric Space Library (NMSLIB)},
  year =         2014,
  note = {\url{https://github.com/nmslib/nmslib}},
}

@Manual{Github:faiss,
  author =       {Facebook Research},
  title =        {Faiss},
  year =         2019,
  note = {\url{https://github.com/facebookresearch/faiss}},
}

@misc{ enwiki:1089227535,
  author = "{Wikipedia contributors}",
  title = "K-d tree --- {Wikipedia}{,} The Free Encyclopedia",
  year = "2022",
  howpublished = "\url{https://en.wikipedia.org/w/index.php?title=K-d_tree&oldid=1089227535}",
  note = "[Online; accessed 4-June-2022]"
}

@misc{lopq,
  howpublished = "\url{https://lou.dev/talks/2018-08-09-lopq}",
  note = "[Lou Kratz, Scaling Visual Search with Locally Optimized Product Quantization,  Papers We Love, Philadelphia, 2018]"
}

@misc{hnwspics,
  howpublished = "\url{https://www.pinecone.io/learn/hnsw/}",
  note = "[James Briggs, Vector Search with HNSW]"
}


@misc{pubsub,
  howpublished = "\url{https://redis.io/docs/manual/pubsub/}",
  note = "[Redis channels documentation, Pub/Sub model]"
}


@article{DBLP:journals/corr/MalkovY16,
  author    = {Yury A. Malkov and
               Dmitry A. Yashunin},
  title     = {Efficient and robust approximate nearest neighbor search using Hierarchical
               Navigable Small World graphs},
  journal   = {CoRR},
  volume    = {abs/1603.09320},
  year      = {2016},
  url       = {http://arxiv.org/abs/1603.09320},
  eprinttype = {arXiv},
  eprint    = {1603.09320},
  timestamp = {Thu, 26 Aug 2021 08:49:44 +0200},
  biburl    = {https://dblp.org/rec/journals/corr/MalkovY16.bib},
  bibsource = {dblp computer science bibliography, https://dblp.org}
}

@misc{embedding,
  howpublished = "\url{https://towardsdatascience.com/neural-network-embeddings-explained-4d028e6f0526}",
  note = "[Embedding]"
}


@misc{imagenet,
  howpublished = "\url{https://www.image-net.org/}",
  note = "[Imagenet]"
}

@misc{docker,
  howpublished = "\url{https://www.docker.com/}",
  note = "[Docker]"
}
@misc{dockercompose,
  howpublished = "\url{https://docs.docker.com/compose/}",
  note = "[Docker-compose]"
}

@misc{gitlab,
  howpublished = "\url{https://docs.gitlab.com/ee/ci/}",
  note = "[Gitlab CI/CD documentation]"
}

@misc{pytest,
  howpublished = "\url{https://docs.pytest.org/en/7.1.x/}",
  note = "[Pytest documentation]"
}

@misc{flask,
  howpublished = "\url{https://flask.palletsprojects.com/en/2.1.x/}",
  note = "[Flask documentation]"
}



@misc{lshkit,
  note = "[LSHKit]",
  howpublished = "\url{http://lshkit.sourceforge.net/}",
}

@misc{elasticsearch,
  howpublished = "\url{https://www.elastic.co/elasticsearch/}",
  note = "[Elasticsearch]"
}

@misc{googlerealtimeembeddings,
  howpublished = "\url{https://github.com/GoogleCloudPlatform/realtime-embeddings-matching}",
  note = "[Google Cloud Platform: Realtime Embedding]"
}


@misc{ohe,
  howpublished = "\url{https://machinelearningmastery.com/why-one-hot-encode-data-in-machine-learning/}",
  note = "[One Hot Encoding]"
}


@inproceedings{dong2008modeling,
  title={Modeling lsh for performance tuning},
  author={Dong, Wei and Wang, Zhe and Josephson, William and Charikar, Moses and Li, Kai},
  booktitle={Proceedings of the 17th ACM conference on Information and knowledge management},
  pages={669--678},
  year={2008}
}

@inproceedings{DBLP:conf/sisap/BoytsovN13,
  author    = {Leonid Boytsov and
               Bilegsaikhan Naidan},
  editor    = {Nieves R. Brisaboa and
               Oscar Pedreira and
               Pavel Zezula},
  title     = {Engineering Efficient and Effective Non-metric Space Library},
  booktitle = {Similarity Search and Applications - 6th International Conference,
               {SISAP} 2013, {A} Coru{\~{n}}a, Spain, October 2-4, 2013, Proceedings},
  series    = {Lecture Notes in Computer Science},
  volume    = {8199},
  pages     = {280--293},
  publisher = {Springer},
  year      = {2013},
  url       = {https://doi.org/10.1007/978-3-642-41062-8\_28},
  doi       = {10.1007/978-3-642-41062-8\_28},
  timestamp = {Tue, 14 May 2019 10:00:53 +0200},
  biburl    = {https://dblp.org/rec/conf/sisap/BoytsovN13.bib},
  bibsource = {dblp computer science bibliography, https://dblp.org}
}